<?xml version="1.0"?>
<BCE:Balanza xmlns:BCE="http://www.sat.gob.mx/esquemas/ContabilidadE/1_1/BalanzaComprobacion" Version="1.1" RFC="RUB010215RAI" Mes="01" Anio="2015" xmlns:xsi="http://www.w3.org/2001/XMLSchema-instance" xsi:schemaLocation="www.sat.gob.mx/esquemas/ContabilidadE/1_1/BalanzaComprobacion http://www.sat.gob.mx/esquemas/ContabilidadE/1_1/BalanzaComprobacion/BalanzaComprobacion_1_1.xsd">
  <BCE:Ctas NumCta="10000" SaldoIni="0" Debe="100" Haber="0" SaldoFin="100" Importe="100"/>
  <BCE:Ctas NumCta="10002" SaldoIni="0" Debe="100" Haber="0" SaldoFin="100" Importe="100"/>
</BCE:Balanza>
